{"kpi": {"totalRevenue": 6655290246385.54, "totalProfit": 1963399634323.69, "totalCost": 4691890612061.85, "totalOrders": 5000000, "totalUnits": 24999955307, "avgOrderValue": 1331058.05, "profitMargin": 29.5, "avgProfit": 392679.93}, "revenueByMonth": [{"month": "2014-01", "revenue": 52864269422.79, "profit": 15566559505.1, "orders": 39708}, {"month": "2014-02", "revenue": 47406625078.91, "profit": 14029727132.1, "orders": 35754}, {"month": "2014-03", "revenue": 52894672217.01, "profit": 15562476244.58, "orders": 39700}, {"month": "2014-04", "revenue": 51187681416.61, "profit": 15105443588.37, "orders": 38489}, {"month": "2014-05", "revenue": 52966297052.85, "profit": 15592637481.03, "orders": 39773}, {"month": "2014-06", "revenue": 51045669338.84, "profit": 15062267964.39, "orders": 38360}, {"month": "2014-07", "revenue": 52549100056.11, "profit": 15571469091.11, "orders": 39684}, {"month": "2014-08", "revenue": 52813814609.01, "profit": 15555826998.73, "orders": 39653}, {"month": "2014-09", "revenue": 51227262786.58, "profit": 15104770263.29, "orders": 38409}, {"month": "2014-10", "revenue": 53003926434.91, "profit": 15595518974.95, "orders": 39757}, {"month": "2014-11", "revenue": 50958231916.77, "profit": 15041699303.11, "orders": 38327}, {"month": "2014-12", "revenue": 52866583907.18, "profit": 15618216557.93, "orders": 39706}, {"month": "2015-01", "revenue": 53262396860.06, "profit": 15692778868.34, "orders": 39831}, {"month": "2015-02", "revenue": 47730808927.79, "profit": 14093701252.75, "orders": 35985}, {"month": "2015-03", "revenue": 52798031053.91, "profit": 15586688480.03, "orders": 39676}, {"month": "2015-04", "revenue": 51130123431.34, "profit": 15074873235.47, "orders": 38435}, {"month": "2015-05", "revenue": 52580194970.22, "profit": 15506215280.51, "orders": 39621}, {"month": "2015-06", "revenue": 51325586196.84, "profit": 15131560148.17, "orders": 38563}, {"month": "2015-07", "revenue": 52619555989.5, "profit": 15552977234.18, "orders": 39567}, {"month": "2015-08", "revenue": 52878680156.34, "profit": 15587552279.93, "orders": 39734}, {"month": "2015-09", "revenue": 51446401832.57, "profit": 15164278286.07, "orders": 38540}, {"month": "2015-10", "revenue": 52831395746.39, "profit": 15568691094.88, "orders": 39670}, {"month": "2015-11", "revenue": 51168417806.73, "profit": 15097060428.21, "orders": 38413}, {"month": "2015-12", "revenue": 52818915306.48, "profit": 15617891618.84, "orders": 39704}, {"month": "2016-01", "revenue": 52820576511.35, "profit": 15577945627.52, "orders": 39597}, {"month": "2016-02", "revenue": 49739120660.65, "profit": 14661770594.43, "orders": 37247}, {"month": "2016-03", "revenue": 52847058244.53, "profit": 15579415908.64, "orders": 39640}, {"month": "2016-04", "revenue": 50948399764.93, "profit": 15040294103.95, "orders": 38344}, {"month": "2016-05", "revenue": 52813963745.0, "profit": 15570586904.83, "orders": 39699}, {"month": "2016-06", "revenue": 50958402823.15, "profit": 15035348272.56, "orders": 38287}, {"month": "2016-07", "revenue": 52943502871.58, "profit": 15638874435.41, "orders": 39751}, {"month": "2016-08", "revenue": 52685960385.05, "profit": 15563082786.69, "orders": 39640}, {"month": "2016-09", "revenue": 50888408196.75, "profit": 14993339712.16, "orders": 38297}, {"month": "2016-10", "revenue": 52917332678.91, "profit": 15577726045.44, "orders": 39653}, {"month": "2016-11", "revenue": 51355285471.19, "profit": 15146368360.54, "orders": 38501}, {"month": "2016-12", "revenue": 52560573282.62, "profit": 15570537460.55, "orders": 39728}, {"month": "2017-01", "revenue": 52867712465.31, "profit": 15578795916.15, "orders": 39657}, {"month": "2017-02", "revenue": 47365009881.16, "profit": 13943522281.13, "orders": 35620}, {"month": "2017-03", "revenue": 52838855267.99, "profit": 15622105819.98, "orders": 39710}, {"month": "2017-04", "revenue": 50967250299.72, "profit": 15022636579.16, "orders": 38295}, {"month": "2017-05", "revenue": 53033330623.21, "profit": 15620013504.47, "orders": 39647}, {"month": "2017-06", "revenue": 51208795529.34, "profit": 15086657325.61, "orders": 38393}, {"month": "2017-07", "revenue": 53045659784.61, "profit": 15629545760.95, "orders": 39720}, {"month": "2017-08", "revenue": 52577239830.26, "profit": 15533608684.39, "orders": 39647}, {"month": "2017-09", "revenue": 51166360058.01, "profit": 15070033747.56, "orders": 38305}, {"month": "2017-10", "revenue": 52905982195.15, "profit": 15593714223.94, "orders": 39669}, {"month": "2017-11", "revenue": 51092798028.79, "profit": 15066552669.8, "orders": 38452}, {"month": "2017-12", "revenue": 52664060409.16, "profit": 15552646740.25, "orders": 39655}, {"month": "2018-01", "revenue": 52817452731.41, "profit": 15597379215.52, "orders": 39714}, {"month": "2018-02", "revenue": 47899915908.37, "profit": 14094806047.77, "orders": 35889}, {"month": "2018-03", "revenue": 52502324716.1, "profit": 15537431560.04, "orders": 39549}, {"month": "2018-04", "revenue": 51041606506.19, "profit": 15044374644.76, "orders": 38367}, {"month": "2018-05", "revenue": 53043268865.71, "profit": 15630716363.69, "orders": 39679}, {"month": "2018-06", "revenue": 51430712032.91, "profit": 15162165902.54, "orders": 38462}, {"month": "2018-07", "revenue": 52888118217.91, "profit": 15567488528.61, "orders": 39663}, {"month": "2018-08", "revenue": 52793901042.28, "profit": 15591649440.41, "orders": 39644}, {"month": "2018-09", "revenue": 51278860904.91, "profit": 15117922028.23, "orders": 38533}, {"month": "2018-10", "revenue": 53025290048.68, "profit": 15651545209.91, "orders": 39832}, {"month": "2018-11", "revenue": 50925675964.33, "profit": 15015724658.68, "orders": 38290}, {"month": "2018-12", "revenue": 52826364690.62, "profit": 15571641250.6, "orders": 39766}, {"month": "2019-01", "revenue": 52581930351.38, "profit": 15552414899.73, "orders": 39637}, {"month": "2019-02", "revenue": 47932498341.72, "profit": 14123284915.55, "orders": 35941}, {"month": "2019-03", "revenue": 53001311243.99, "profit": 15597495020.02, "orders": 39721}, {"month": "2019-04", "revenue": 51147998301.07, "profit": 15118279752.3, "orders": 38417}, {"month": "2019-05", "revenue": 53072215092.6, "profit": 15705105615.03, "orders": 39803}, {"month": "2019-06", "revenue": 51217720655.48, "profit": 15092993216.67, "orders": 38390}, {"month": "2019-07", "revenue": 52892677034.86, "profit": 15591977764.01, "orders": 39637}, {"month": "2019-08", "revenue": 53016510717.6, "profit": 15605259591.71, "orders": 39748}, {"month": "2019-09", "revenue": 50902051700.55, "profit": 15008623405.78, "orders": 38343}, {"month": "2019-10", "revenue": 52483594573.74, "profit": 15542601978.97, "orders": 39565}, {"month": "2019-11", "revenue": 51221796632.69, "profit": 15120662004.57, "orders": 38485}, {"month": "2019-12", "revenue": 53169653843.13, "profit": 15659748006.73, "orders": 39764}, {"month": "2020-01", "revenue": 52804178184.04, "profit": 15548170538.64, "orders": 39619}, {"month": "2020-02", "revenue": 49402074463.67, "profit": 14584362433.88, "orders": 37164}, {"month": "2020-03", "revenue": 52800403689.84, "profit": 15562454703.79, "orders": 39601}, {"month": "2020-04", "revenue": 51252133055.2, "profit": 15105491883.77, "orders": 38441}, {"month": "2020-05", "revenue": 52695162579.89, "profit": 15561892455.15, "orders": 39671}, {"month": "2020-06", "revenue": 50904386993.81, "profit": 14993951992.14, "orders": 38211}, {"month": "2020-07", "revenue": 53198875158.55, "profit": 15681364778.7, "orders": 39821}, {"month": "2020-08", "revenue": 52763045983.74, "profit": 15555215210.02, "orders": 39672}, {"month": "2020-09", "revenue": 50910579721.69, "profit": 15039659189.28, "orders": 38330}, {"month": "2020-10", "revenue": 52904294521.89, "profit": 15601899744.96, "orders": 39614}, {"month": "2020-11", "revenue": 50871558771.8, "profit": 14999506585.44, "orders": 38337}, {"month": "2020-12", "revenue": 52962937840.67, "profit": 15593461099.79, "orders": 39734}, {"month": "2021-01", "revenue": 52530562856.2, "profit": 15491689847.82, "orders": 39642}, {"month": "2021-02", "revenue": 47535863732.18, "profit": 14037097848.71, "orders": 35800}, {"month": "2021-03", "revenue": 52820533835.08, "profit": 15559361249.71, "orders": 39692}, {"month": "2021-04", "revenue": 50794443989.95, "profit": 15029408140.13, "orders": 38349}, {"month": "2021-05", "revenue": 52873055798.0, "profit": 15632239384.37, "orders": 39701}, {"month": "2021-06", "revenue": 51222190939.31, "profit": 15126104150.32, "orders": 38527}, {"month": "2021-07", "revenue": 52747865951.92, "profit": 15578830606.96, "orders": 39646}, {"month": "2021-08", "revenue": 52506702618.27, "profit": 15459769945.68, "orders": 39575}, {"month": "2021-09", "revenue": 51300013586.71, "profit": 15130202932.65, "orders": 38482}, {"month": "2021-10", "revenue": 52605240427.11, "profit": 15570928982.17, "orders": 39629}, {"month": "2021-11", "revenue": 51039695679.48, "profit": 15064436058.49, "orders": 38446}, {"month": "2021-12", "revenue": 52622060418.57, "profit": 15539339772.21, "orders": 39716}, {"month": "2022-01", "revenue": 52954433293.93, "profit": 15567130934.48, "orders": 39675}, {"month": "2022-02", "revenue": 47683050495.39, "profit": 14117812939.69, "orders": 35993}, {"month": "2022-03", "revenue": 52878307728.98, "profit": 15575718878.46, "orders": 39576}, {"month": "2022-04", "revenue": 51192782901.18, "profit": 15087539647.15, "orders": 38381}, {"month": "2022-05", "revenue": 53176898875.75, "profit": 15655067820.22, "orders": 39761}, {"month": "2022-06", "revenue": 51009169648.84, "profit": 15064639037.35, "orders": 38379}, {"month": "2022-07", "revenue": 52653106763.15, "profit": 15579267300.36, "orders": 39650}, {"month": "2022-08", "revenue": 53008340773.35, "profit": 15619388753.91, "orders": 39745}, {"month": "2022-09", "revenue": 51000426798.39, "profit": 15074422771.71, "orders": 38397}, {"month": "2022-10", "revenue": 52950342529.21, "profit": 15616834208.14, "orders": 39785}, {"month": "2022-11", "revenue": 51182071748.55, "profit": 15099607734.2, "orders": 38411}, {"month": "2022-12", "revenue": 52858546213.46, "profit": 15620223103.28, "orders": 39750}, {"month": "2023-01", "revenue": 52918552252.23, "profit": 15592584230.13, "orders": 39669}, {"month": "2023-02", "revenue": 47742456721.49, "profit": 14071881392.23, "orders": 35793}, {"month": "2023-03", "revenue": 52673715191.38, "profit": 15557771845.38, "orders": 39695}, {"month": "2023-04", "revenue": 51215497410.9, "profit": 15120085373.35, "orders": 38354}, {"month": "2023-05", "revenue": 52781125899.77, "profit": 15543356599.92, "orders": 39584}, {"month": "2023-06", "revenue": 51058379368.54, "profit": 15054092000.89, "orders": 38357}, {"month": "2023-07", "revenue": 52970834128.02, "profit": 15651032608.7, "orders": 39796}, {"month": "2023-08", "revenue": 52773497219.11, "profit": 15557817426.75, "orders": 39689}, {"month": "2023-09", "revenue": 51068372995.1, "profit": 15062145483.0, "orders": 38394}, {"month": "2023-10", "revenue": 52874781400.33, "profit": 15598170915.7, "orders": 39725}, {"month": "2023-11", "revenue": 51099626187.47, "profit": 15063370075.67, "orders": 38415}, {"month": "2023-12", "revenue": 52776869814.89, "profit": 15627107678.71, "orders": 39680}, {"month": "2024-01", "revenue": 52841240266.37, "profit": 15584381133.32, "orders": 39648}, {"month": "2024-02", "revenue": 49071837036.09, "profit": 14493214145.94, "orders": 36924}, {"month": "2024-03", "revenue": 52675860468.58, "profit": 15570543439.51, "orders": 39675}, {"month": "2024-04", "revenue": 51018808165.46, "profit": 15049120827.09, "orders": 38356}, {"month": "2024-05", "revenue": 52937998579.67, "profit": 15585889722.66, "orders": 39726}, {"month": "2024-06", "revenue": 51071797435.74, "profit": 15063000308.52, "orders": 38342}, {"month": "2024-07", "revenue": 52504011894.01, "profit": 15530729749.23, "orders": 39714}, {"month": "2024-08", "revenue": 52744910686.17, "profit": 15581689929.04, "orders": 39701}, {"month": "2024-09", "revenue": 17155003054.08, "profit": 5059860974.21, "orders": 12788}], "revenueByRegion": [{"region": "Sub-Saharan Africa", "revenue": 1726961817607.32, "profit": 509522251166.06, "orders": 1297687}, {"region": "Europe", "revenue": 1725243689292.97, "profit": 508972722261.14, "orders": 1296674}, {"region": "Asia", "revenue": 971665860019.65, "profit": 286686809544.51, "orders": 729864}, {"region": "Middle East and North Africa", "revenue": 827430817820.95, "profit": 244077925345.86, "orders": 621539}, {"region": "Central America and the Caribbean", "revenue": 719836710732.25, "profit": 212358212842.56, "orders": 540528}, {"region": "Australia and Oceania", "revenue": 540010716593.21, "profit": 159289739668.24, "orders": 405577}, {"region": "North America", "revenue": 144140634319.19, "profit": 42491973495.32, "orders": 108131}], "revenueByItem": [{"itemType": "Household", "revenue": 1392334172377.28, "profit": 345296874598.72, "units": 2083490464, "orders": 416666}, {"itemType": "Office Supplies", "revenue": 1357550652589.53, "profit": 263188172616.25, "units": 2084658793, "orders": 416822}, {"itemType": "Cosmetics", "revenue": 910924570706.8, "profit": 362265450843.53, "units": 2083542019, "orders": 416711}, {"itemType": "Meat", "revenue": 879271643067.72, "profit": 119211969905.6, "units": 2084125348, "orders": 416653}, {"itemType": "Baby Food", "revenue": 531735325129.52, "profit": 199671530346.74, "units": 2082949409, "orders": 416765}, {"itemType": "Cereal", "revenue": 428524495790.6, "profit": 184555104920.22, "units": 2083249858, "orders": 416666}, {"itemType": "Vegetables", "revenue": 320885876553.08, "profit": 131491142326.34, "units": 2082863018, "orders": 416671}, {"itemType": "Snacks", "revenue": 317920955519.34, "profit": 114891607598.22, "units": 2083634523, "orders": 416715}, {"itemType": "Clothes", "revenue": 227664871269.12, "profit": 152998793429.76, "units": 2083316904, "orders": 416633}, {"itemType": "Personal Care", "revenue": 170181790514.34, "profit": 52181031081.48, "units": 2082243858, "orders": 416524}, {"itemType": "Beverages", "revenue": 98868550311.7, "profit": 32629747057.56, "units": 2083636466, "orders": 416603}, {"itemType": "Fruits", "revenue": 19427342556.51, "profit": 5018209599.27, "units": 2082244647, "orders": 416571}], "salesByChannel": [{"channel": "Offline", "revenue": 3328909691067.8, "profit": 982184312886.15, "orders": 2500116}, {"channel": "Online", "revenue": 3326380555317.74, "profit": 981215321437.54, "orders": 2499884}], "byPriority": [{"priority": "C", "revenue": 1662753243498.73, "orders": 1249258}, {"priority": "H", "revenue": 1664255207703.02, "orders": 1250596}, {"priority": "L", "revenue": 1664233975101.0, "orders": 1250010}, {"priority": "M", "revenue": 1664047820082.79, "orders": 1250136}], "topCountries": [{"country": "Rwanda", "revenue": 36343889144.91, "profit": 10704603419.99, "orders": 27096}, {"country": "Canada", "revenue": 36214943985.66, "profit": 10661012155.12, "orders": 27047}, {"country": "Philippines", "revenue": 36202375180.03, "profit": 10671609301.73, "orders": 27085}, {"country": "Marshall Islands", "revenue": 36153663414.25, "profit": 10658335113.13, "orders": 27039}, {"country": "Panama", "revenue": 36136393469.6, "profit": 10645718319.18, "orders": 27150}, {"country": "Lesotho", "revenue": 36130164053.97, "profit": 10661828367.05, "orders": 27071}, {"country": "Liberia", "revenue": 36129764059.19, "profit": 10672538883.28, "orders": 27226}, {"country": "Taiwan", "revenue": 36124891639.9, "profit": 10652040178.15, "orders": 27083}, {"country": "Maldives", "revenue": 36123215499.76, "profit": 10647884143.01, "orders": 27082}, {"country": "Saint Kitts and Nevis ", "revenue": 36115189577.61, "profit": 10634498311.53, "orders": 27070}, {"country": "Trinidad and Tobago", "revenue": 36114284757.09, "profit": 10639917969.7, "orders": 27120}, {"country": "Kazakhstan", "revenue": 36113961500.8, "profit": 10653588295.53, "orders": 27039}, {"country": "Cameroon", "revenue": 36113751339.08, "profit": 10648448345.44, "orders": 27002}, {"country": "Japan", "revenue": 36112903251.3, "profit": 10638089150.6, "orders": 27005}, {"country": "Seychelles ", "revenue": 36112154960.95, "profit": 10657874750.54, "orders": 27053}, {"country": "Tonga", "revenue": 36111783055.28, "profit": 10643379370.57, "orders": 27068}, {"country": "Serbia", "revenue": 36109440779.14, "profit": 10656797728.24, "orders": 26980}, {"country": "Monaco", "revenue": 36106052661.16, "profit": 10666779311.71, "orders": 27082}, {"country": "Costa Rica", "revenue": 36101608810.0, "profit": 10667032458.9, "orders": 27110}, {"country": "Belize", "revenue": 36098076950.74, "profit": 10653561348.55, "orders": 27144}], "revenueByYear": [{"year": "2014", "revenue": 621784134237.57, "profit": 183406613104.69, "orders": 467320}, {"year": "2015", "revenue": 622590508278.17, "profit": 183674268207.38, "orders": 467739}, {"year": "2016", "revenue": 623478584635.71, "profit": 183955290212.72, "orders": 468384}, {"year": "2017", "revenue": 621733054372.71, "profit": 183319833253.39, "orders": 466770}, {"year": "2018", "revenue": 622473491629.42, "profit": 183582844850.76, "orders": 467388}, {"year": "2019", "revenue": 622639958488.81, "profit": 183718446171.07, "orders": 467451}, {"year": "2020", "revenue": 623469630964.79, "profit": 183827430615.56, "orders": 468215}, {"year": "2021", "revenue": 620598229832.78, "profit": 183219408919.22, "orders": 467205}, {"year": "2022", "revenue": 622547477770.18, "profit": 183677653128.95, "orders": 467503}, {"year": "2023", "revenue": 621953708589.23, "profit": 183499415630.43, "orders": 467151}, {"year": "2024", "revenue": 432021467586.17, "profit": 127518430229.52, "orders": 324874}], "marginByItem": [{"itemType": "Household", "margin": 24.8, "revenue": 1392334172377.28, "profit": 345296874598.72}, {"itemType": "Office Supplies", "margin": 19.39, "revenue": 1357550652589.53, "profit": 263188172616.25}, {"itemType": "Cosmetics", "margin": 39.77, "revenue": 910924570706.8, "profit": 362265450843.53}, {"itemType": "Meat", "margin": 13.56, "revenue": 879271643067.72, "profit": 119211969905.6}, {"itemType": "Baby Food", "margin": 37.55, "revenue": 531735325129.52, "profit": 199671530346.74}, {"itemType": "Cereal", "margin": 43.07, "revenue": 428524495790.6, "profit": 184555104920.22}, {"itemType": "Vegetables", "margin": 40.98, "revenue": 320885876553.08, "profit": 131491142326.34}, {"itemType": "Snacks", "margin": 36.14, "revenue": 317920955519.34, "profit": 114891607598.22}, {"itemType": "Clothes", "margin": 67.2, "revenue": 227664871269.12, "profit": 152998793429.76}, {"itemType": "Personal Care", "margin": 30.66, "revenue": 170181790514.34, "profit": 52181031081.48}, {"itemType": "Beverages", "margin": 33.0, "revenue": 98868550311.7, "profit": 32629747057.56}, {"itemType": "Fruits", "margin": 25.83, "revenue": 19427342556.51, "profit": 5018209599.27}]}